<record><leader>00000cas a2200000 a 4500</leader><controlfield tag="001">33219549</controlfield><controlfield tag="008">950928c19929999fluwr ne      0    0spa c</controlfield><datafield ind1=" " ind2=" " tag="010"><subfield code="a">sn 97027696 </subfield></datafield><datafield ind1=" " ind2=" " tag="040"><subfield code="a">FHM</subfield><subfield code="b">eng</subfield><subfield code="c">FHM</subfield><subfield code="d">FUG</subfield><subfield code="d">OCLCQ</subfield><subfield code="d">OCLCF</subfield><subfield code="d">OCLCO</subfield></datafield><datafield ind1="1" ind2=" " tag="029"><subfield code="a">AU@</subfield><subfield code="b">000013200745</subfield></datafield><datafield ind1=" " ind2=" " tag="037"><subfield code="b">Latino Internacional Newspaper, Inc., 3105 W. Waters Ave., STE 309, Tampa, FL 33614</subfield></datafield><datafield ind1=" " ind2=" " tag="042"><subfield code="a">pcc</subfield></datafield><datafield ind1=" " ind2=" " tag="043"><subfield code="a">n-us-fl</subfield></datafield><datafield ind1=" " ind2=" " tag="090"><subfield code="a">E184.S75</subfield><subfield code="b">L363</subfield></datafield><datafield ind1="0" ind2=" " tag="130"><subfield code="a">Latino internacional (Tampa, Fla.)</subfield></datafield><datafield ind1="1" ind2="0" tag="245"><subfield code="a">Latino internacional.</subfield></datafield><datafield ind1=" " ind2=" " tag="250"><subfield code="a">Edicion de Tampa.</subfield></datafield><datafield ind1=" " ind2=" " tag="260"><subfield code="a">Tampa, FL :</subfield><subfield code="b">Latino Internacional,</subfield><subfield code="c">1992-</subfield></datafield><datafield ind1=" " ind2=" " tag="300"><subfield code="a">v. :</subfield><subfield code="b">ill. (some col.) ;</subfield><subfield code="c">44 cm.</subfield></datafield><datafield ind1=" " ind2=" " tag="310"><subfield code="a">Weekly</subfield></datafield><datafield ind1="0" ind2=" " tag="362"><subfield code="a">Vol. 1, no. 1 (1ro. de oct. 1992)-</subfield></datafield><datafield ind1=" " ind2=" " tag="500"><subfield code="a">Zulay C. Pe&#769;rez, Editora.</subfield></datafield><datafield ind1=" " ind2=" " tag="500"><subfield code="a">Enrique G. Pe&#769;rez, Director Regional/Tampa.</subfield></datafield><datafield ind1=" " ind2=" " tag="500"><subfield code="a">Ed. later called: Tampa-West Coast.</subfield></datafield><datafield ind1=" " ind2=" " tag="588"><subfield code="a">Latest issue consulted: Vol. 5, no. 42 (10 de julio de 1997).</subfield></datafield><datafield ind1=" " ind2="0" tag="650"><subfield code="a">Hispanic Americans</subfield><subfield code="z">Florida</subfield><subfield code="v">Newspapers.</subfield></datafield><datafield ind1=" " ind2="0" tag="651"><subfield code="a">Tampa (Fla.)</subfield><subfield code="v">Newspapers.</subfield></datafield><datafield ind1=" " ind2="0" tag="651"><subfield code="a">Hillsborough County (Fla.)</subfield><subfield code="v">Newspapers.</subfield></datafield><datafield ind1=" " ind2="7" tag="655"><subfield code="a">Newspapers.</subfield><subfield code="2">fast</subfield><subfield code="0">(OCoLC)fst01423814</subfield></datafield><datafield ind1=" " ind2="7" tag="650"><subfield code="a">Hispanic Americans.</subfield><subfield code="2">fast</subfield><subfield code="0">(OCoLC)fst00957523</subfield></datafield><datafield ind1=" " ind2="7" tag="651"><subfield code="a">Florida.</subfield><subfield code="2">fast</subfield><subfield code="0">(OCoLC)fst01205150</subfield></datafield><datafield ind1=" " ind2="7" tag="651"><subfield code="a">Florida</subfield><subfield code="z">Hillsborough County.</subfield><subfield code="2">fast</subfield><subfield code="0">(OCoLC)fst01210214</subfield></datafield><datafield ind1=" " ind2="7" tag="651"><subfield code="a">Florida</subfield><subfield code="z">Tampa.</subfield><subfield code="2">fast</subfield><subfield code="0">(OCoLC)fst01206282</subfield></datafield><datafield ind1=" " ind2=" " tag="752"><subfield code="a">United States</subfield><subfield code="b">Florida</subfield><subfield code="c">Hillsborough</subfield><subfield code="d">Tampa.</subfield></datafield><datafield ind1="0" ind2=" " tag="775"><subfield code="t">Latino internacional (Winter Park, Fla.)</subfield><subfield code="w">(DLC)sn 96027365</subfield><subfield code="w">(OCoLC)34393225</subfield></datafield><datafield ind1="0" ind2=" " tag="775"><subfield code="t">Latino internacional (Saint Augustine Beach, Fla.)</subfield><subfield code="w">(DLC)sn 96027389</subfield><subfield code="w">(OCoLC)34749146</subfield></datafield></record>